@misc{demaine33open,
  title={The open problems project, Problem 33: Sum of square roots},
  author={Demaine, Erik D and Mitchell, Joseph SB and O'Rourke, Joseph}
}

@mastersthesis{fastaccuratefp,
  title={Fast and Accurate Floating Point Algorithms},
  author={Deakin, Michael},
  year={2016},
  school={University of North Carolina at Chapel Hill}
}

@article{kahan2004cost,
  title={On the cost of floating-point computation without extra-precise arithmetic},
  author={Kahan, William},
  journal={World-Wide Web document},
  pages={21},
  year={2004}
}

@book{cheeyap,
  title={Fundamental problems of algorithmic algebra},
  author={Yap, Chee-Keng},
  year={2000},
  publisher={Oxford University Press}
}

@article{karatsuba,
  author = "Paul Zimmerman",
  title = "Karatsuba Square Root",
  year = 1999,
  journal = "INRIA"
}

@article{mpfr,
 author = {Fousse, Laurent and Hanrot, Guillaume and Lef\`{e}vre, Vincent and P{\'e}lissier, Patrick and Zimmermann, Paul},
 title = {MPFR: A Multiple-precision Binary Floating-point Library with Correct Rounding},
 journal = {ACM Trans. Math. Softw.},
 issue_date = {June 2007},
 volume = {33},
 number = {2},
 month = jun,
 year = {2007},
 issn = {0098-3500},
 articleno = {13},
 url = {http://doi.acm.org/10.1145/1236463.1236468},
 doi = {10.1145/1236463.1236468},
 acmid = {1236468},
 publisher = {ACM},
 address = {New York, NY, USA},
 keywords = {IEEE 754 standard, Multiple-precision arithmetic, correct rounding, elementary function, floating-point arithmetic, portable software},
}

@inproceedings{emiris2010dmm,
  title={The DMM bound: Multivariate (aggregate) separation bounds},
  author={Emiris, Ioannis Z and Mourrain, Bernard and Tsigaridas, Elias P},
  booktitle={Proc. Int'l Symp on Symbolic and Algebraic Computation},
  pages={243--250},
  year={2010},
  organization={ACM}
  ,note = "\url{http://arxiv.org/abs/1005.5610}"
}

@inproceedings{brownawell2009lower,
  title={Lower bounds for zero-dimensional projections},
  author={Brownawell, W Dale and Yap, Chee K},
  booktitle={Proc. Int'l Symp on Symbolic and Algebraic Computation},
  pages={79--86},
  year={2009},
  organization={ACM}
}